@book{lamport94ldp,
  address = {Reading, Mass.},
  author = {Lamport, Leslie},
  publisher = {Addison-Wesley Pub. Co.},
  title = {{LATEX : A Document Preparation System: User's Guide And Reference Manual}},
  year = 1994
}




@book{perelman97mht,
 author = {Perelman, Leslie and Barrett, Edward},
 title = {{The Mayfield Handbook of Technical and Scientific Writing}},
 year = {1997},
 edition = {1.},
 publisher = {McGraw-Hill, Inc.},
 address = {New York, NY, USA},
}

@article{douglas73afr,
  title={Algorithms for the reduction of the number of points required to represent a digitized line or its caricature},
  author={Douglas, David H and Peucker, Thomas K},
  journal={Cartographica: The International Journal for Geographic Information and Geovisualization},
  volume={10},
  number={2},
  pages={112--122},
  year={1973},
  publisher={UT Press}
}



@mastersthesis{kjeldsen05cor,
author = {Linda Cecilie Kjeldsen},
title = {{Combining Orthogonal Range Search and Line Simplification Using Priority Search Trees}},
school = {{\O}stfold University College, School of Computer Sciences, Halden, Norway},
year = {2005},
}
